<?xml version="1.0" encoding="UTF-8"?><collection xmlns="http://www.loc.gov/MARC21/slim"><record><leader>00385nam--2200121-i-4500</leader><controlfield tag="001">000023136</controlfield><controlfield tag="002">20161230</controlfield><controlfield tag="005">20161230201034</controlfield><controlfield tag="008">060222s1000------------r-----000-0-eng-d</controlfield><datafield ind1=" " ind2=" " tag="100"><subfield code="a">Jacobs, Irwin Mark And Wozencraft, John M</subfield></datafield><datafield ind1=" " ind2=" " tag="245"><subfield code="a">Principles of communication engineering. second printing, january, 1967</subfield></datafield><datafield ind1=" " ind2=" " tag="260"><subfield code="a">New York, John Wiley &amp; Sons, Inc., 1967, Xv + 720 P</subfield></datafield><datafield ind1=" " ind2=" " tag="852"><subfield code="a">36570</subfield></datafield></record></collection>